@inproceedings{mildenhall2020nerf,
 title={NeRF: Representing Scenes as Neural Radiance Fields for View Synthesis},
 author={Ben Mildenhall and Pratul P. Srinivasan and Matthew Tancik and Jonathan T. Barron and Ravi Ramamoorthi and Ren Ng},
 year={2020},
 booktitle={ECCV},
 url = {https://www.matthewtancik.com/nerf}
}

@inproceedings{Huang2DGS2024,
    title={2D Gaussian Splatting for Geometrically Accurate Radiance Fields},
    author={Huang, Binbin and Yu, Zehao and Chen, Anpei and Geiger, Andreas and Gao, Shenghua},
    publisher = {Association for Computing Machinery},
    booktitle = {SIGGRAPH 2024 Conference Papers},
    year      = {2024},
    doi       = {10.1145/3641519.3657428}
}

@article{desktop3dscanner,
    author = {shapespeare},
    title = {Build a DIY Desktop 3d Scanner With Infinite Resolution.},
    journal = {Instructables},
    year = {2015},
    url = {https://www.instructables.com/Build-a-DIY-Desktop-3d-Scanner-With-Infinite-Resol/}
}

@article{balancingrobot,
    author = {bluino_electronics},
    title = {DIY ESP32 Wifi Self Balancing Robot},
    journal = {Instructables},
    year = {2021},
    url = {https://www.instructables.com/DIY-ESP32-Wifi-Self-Balancing-Robot-B-Robot-ESP32-/}
}

@misc{matterport,
    url = {https://matterport.com/}
}

@misc{cameraArm,
    author = {pulsar123},
    title = {Robotic arm for Creality CR-Scan Ferret 3d scanner},
    year = {2024},
    url = {https://www.thingiverse.com/thing:6628782}
}
